<collection xmlns="http://www.loc.gov/MARC21/slim">
<record>
  <leader>01050nam0a22002291i 450 </leader>
  <controlfield tag="001">IT\ICCU\CNCE\065744</controlfield>
  <controlfield tag="005">20060809000000.0</controlfield>
  <datafield tag="012" ind1=" " ind2=" ">
    <subfield code="a">o.t. r.le ers- muti (3) 1523 (R)</subfield>
    <subfield code="2">fei</subfield>
  </datafield>
  <datafield tag="100" ind1=" " ind2=" ">
    <subfield code="a">20060727d1523        0itac0103    ba</subfield>
  </datafield>
  <datafield tag="101" ind1=" " ind2=" ">
    <subfield code="a">LAT</subfield>
  </datafield>
  <datafield tag="102" ind1=" " ind2=" ">
    <subfield code="a">IT</subfield>
  </datafield>
  <datafield tag="200" ind1="1" ind2=" ">
    <subfield code="a">Lancillotti Decii Lectura preclara suoer prima parte ff. veteris cum additionibus per eum additis. Et cum Repertorio nuper excusso. Et sumariis nouiter additis</subfield>
  </datafield>
  <datafield tag="210" ind1=" " ind2=" ">
    <subfield code="a">Venezia</subfield>
    <subfield code="c">Pincio</subfield>
    <subfield code="d">Filippo!</subfield>
    <subfield code="d">1523</subfield>
    <subfield code="a">Venetijs</subfield>
    <subfield code="c">a Philippo Pincio Mantuano impressa</subfield>
    <subfield code="d">1523 die XVIj. Nouembris</subfield>
  </datafield>
  <datafield tag="215" ind1=" " ind2=" ">
    <subfield code="a">XXIIII, \2! c.</subfield>
    <subfield code="c">ill.</subfield>
    <subfield code="d">2? (33 cm)</subfield>
  </datafield>
  <datafield tag="300" ind1=" " ind2=" ">
    <subfield code="a">ANNULLATA !!!!  vedi 41782Segn.: A-D6 a2</subfield>
  </datafield>
  <datafield tag="620" ind1=" " ind2=" ">
    <subfield code="a">IT</subfield>
    <subfield code="d">Venezia</subfield>
  </datafield>
  <datafield tag="700" ind1=" " ind2="1">
    <subfield code="a">Decio,</subfield>
    <subfield code="b">Lancellotto</subfield>
    <subfield code="3">IT\ICCU\CNCA\011338</subfield>
  </datafield>
  <datafield tag="712" ind1="0" ind2="0">
    <subfield code="a">Pinzi, Filippo</subfield>
    <subfield code="c"> &lt;1.&gt;</subfield>
    <subfield code="3">IT\ICCU\CNCT\001506</subfield>
    <subfield code="4">650</subfield>
  </datafield>
  <datafield tag="790" ind1=" " ind2="1">
    <subfield code="a">Decius,</subfield>
    <subfield code="b">Lancilotus</subfield>
    <subfield code="3">IT\ICCU\CNCA\016399</subfield>
    <subfield code="z">Decio, Lancellotto</subfield>
  </datafield>
  <datafield tag="791" ind1="0" ind2="0">
    <subfield code="a">Pincius, Philippus</subfield>
    <subfield code="c"> &lt;1.&gt;</subfield>
    <subfield code="3">IT\ICCU\CNCT\004047</subfield>
    <subfield code="z">Pinzi, Filippo &lt;1.&gt;</subfield>
  </datafield>
  <datafield tag="801" ind1=" " ind2="3">
    <subfield code="a">IT</subfield>
    <subfield code="b">ICCU</subfield>
    <subfield code="c">20201115</subfield>
  </datafield>
  <datafield tag="899" ind1=" " ind2=" ">
    <subfield code="a">Biblioteca comunale Paroniana. Rieti</subfield>
    <subfield code="1">RI0126</subfield>
    <subfield code="2">RMS B5</subfield>
  </datafield>
</record>
</collection>
